@techreport{Bjorklund:2003:euclidean:rhythm,
	Author = {E. Bjorklund},
	Title = {The theory of rep-rate pattern generation in the SNS timing system},
	Institution = {Los Alamos National Laboratory, Los Alamos, U.S.A},
	Year = {2003}
}

@techreport{Toussaint:2004:euclidean:rhythm,
	Author = {Godfried Toussaint},
	Title = {The Euclidean Algorithm Generates Traditional Musical Rhythms},
	Institution = {School of Computer Science, McGill University, Montreal, Quebec, Canada},
	Year = {2004}
}

@book{Allouche:2002:AutomSeq:book,
	 Editor = {J.-P. Allouche and J. O. Shallit},
	 Title = {Automatic Sequences},
     Address = {Cambridge University Press},
	 Year = {2002}
}

@book{Klower:1997,
	 Author = {Tom Klower},
	 Title = {The Joy of Drumming: Drums and Percussion Instruments from Around the World},
     Address = {Binkey Kok Publications, Diever, Holland},
	 Year = {1997}
}

@book{Keith:1991,
	 Author = {Michael Keith},
	 Title = {From Polychords to PÃ³lya: Adventures in Musical Combinatorics},
     Address = {Vinculum Press, Princeton},
	 Year = {1991}
}

@article{Behague:1973,
	 Author = {Gerard Behague},
	 Title = {Bossa and bossas: recent changes in Brazilian urban popular music},
	 Journal = {Ethnomusicology},
	 Volume = {17},
	 Number = {2},
	 Pages = {209--233},
	 Year = {1973}
}

@book{Euclid:Elements,
	 Author = {Euclid},
	 Title = {Elements}
}

@unpublished{MutableInstruments:Yarns,
	Author = {O. Gillet},
	Title = {Mutable Instruments. Yarns, Eurorack for generetion of Euclidean Rythms}, 
	note = {Available at \href{https://mutable-instruments.net/modules/yarns/manual/}{https://mutable-instruments.net/modules/yarns/manual/}},
}

@unpublished{vpme.de,
	Author = {Vladimir Pantelic},
	Title = {Euclidean Circles Eurorack}, 
	note = {Available at \href{https://vpme.de/euclidean-circles/}{https://vpme.de/euclidean-circles/}},
}

@unpublished{2hp:Euclid,
	Title = {Modulus for generetion of Euclidean Rythms}, 
	note = {Available at \href{http://www.twohp.com/modules/euclid}{http://www.twohp.com/modules/euclid}},
}

